@misc{wiki-julian,
      author = {{Wikipedia contributors}},
      title = {{Julian day (Wikipedia)}},
      howpublished = "\url{https://en.wikipedia.org/wiki/Julian_day}",
      year = {2016},
      note = "[Online; accessed 2016-05-02]"
},
